01REMESSA01COBRANCA       0026301172466000137                               748SICREDI        20190907        0000002                                                                                                                                                                                                                                                                                 2.00000001
1AAA            ABB                            192000540      20190907 N B0000    00000011110022            01BOLDMJ Dp 1509190000000047000         AN070919000000000000033331509190000000001111000000000000000000000000002001172466001702PAROQUIA SANTUARIO NOSSA SENHORA DE FATIQUADRA 308 SUL ALAMEDA 07 APM 03        00000000000 7702108000000                                                       000002
1AAA            ABB                            192000558      20190907 N B0000    00000011110022            01BOLDMJ Dp 1111190000000236350         AN070919000000000000033331111190000000001111000000000000000000000000002001172466003403PAROQUIA CORACAO DE MARIA               QUADRA 305 SUL - RUA 3 APM 7            00000000000 7701544600000                                                       000003
9174800263                                                                                                                                                                                                                                                                                                                                                                                                000004
